@article
{
  Raymond,
  author  = {Eric S. Raymond},
  title   = {{The New Hacker's Dictionary - 3rd Edition}},
  year    = {1996},
  journal = {The MIT Press},
  pages   = {432}, 
  note    = {\url{http://books.google.co.uk/books?id=g80P_4v4QbIC} Accessed April 2014}
}

@article
{
  Jobs,
  author  = {Steve Jobs},
  title   = {{Thoughts on Flash}},
  year    = {2010},
  journal = {Apple},
  note    = {\url{http://www.apple.com/hotnews/thoughts-on-flash/} Accessed October 2013}
}

@article
{
  W3C1,
  author  = {{W3C}},
  title   = {{Plan 2014}},
  year    = {2012},
  journal = {World Wide Web Consortium (W3C)},
  note    = {\url{http://dev.w3.org/html5/decision-policy/html5-2014-plan.html} Accessed January 2014}
}

@article
{
  Takada,
  author  = {Mikito Takada},
  title   = {{Adventures in Single Page Applications}},
  year    = {2012},
  journal = {HTML5 Developer Conference},
  note    = {\url{http://youtu.be/BqDJqKGfIiE} Accessed December 2013}
}

@article
{
  Lawson,
  author  = {Bruce Lawson and Remy Sharp},
  title   = {{Introducing HTML5, Second Edition}},
  year    = {2012},
  journal = {New Riders},
}

@article
{
  Kadrmas,
  author  = {Jason Kadrmas},
  title   = {{Building HTML5 Games}},
  year    = {2012},
  journal = {cf.Objective()},
  note    = {\url{http://dl.dropboxusercontent.com/u/21521496/cf.objective/index.html} Accessed January 2014}
}

@article
{
  Kulloli,
  author  = {V. C. Kulloli and Ashish Pohare and Sujit Raskar and Tania Bhattacharyya and Shashikant Bhure},
  title	  = {{Cross Platform Mobile Application Development}},
  year	  = {2013},
  journal = {International Journal of Computer Trands and Technology (IJCTT), Volume 4, Issue 5, May 2013}
}

@article
{
  Charland,
  author  = {Andre Charland and Brian Leroux},
  title   = {{Mobile Application Development: Web vs. Native}},
  year    = {2011},
  journal = {Communications of the ACM, Volume 54 Issue 5, May 2011},
  note    = {\url{http://delivery.acm.org/10.1145/1970000/1968203/p20-charland.pdf} Accessed February 2014}
}


@article
{
  Adobe,
  author  = {Adobe},
  title	  = {{Adobe Announces Agreement to Acquire Nitobi, Creator of PhoneGap}},
  year	  = {2011},
  journal = {Adobe Press Releases},
  note	  = {\url{http://www.adobe.com/aboutadobe/pressroom/pressreleases/201110/AdobeAcquiresNitobi.html} Accessed October 2013}
}

@article
{
  Leroux,
  author  = {Brian Leroux},
  title	  = {{PhoneGap, Cordova, and what's in a name?}},
  year	  = {2012},
  journal = {PhoneGap Blog},
  note	  = {\url{http://phonegap.com/2012/03/19/phonegap-cordova-and-what%E2%80%99s-in-a-name/} Accessed November 2013}
}

@article
{
  Seddon,
  author  = {Ryan Seddon},
  title	  = {{Introduction to JavaScript Source Maps}},
  year	  = {2012},
  journal = {HTML5 Rocks},
  note	  = {\url{http://www.html5rocks.com/en/tutorials/developertools/sourcemaps/} Accessed March 2014}
}

@article
{
  Hanselman,
  author  = {Scott Hanselman},
  title   = {{JavaScript is Web Assembly Language and that's OK.}},
  year    = {2013},
  journal = {Scott Hanselman's Blog},
  note    = {\url{http://www.hanselman.com/blog/JavaScriptIsWebAssemblyLanguageAndThatsOK.aspx} Accessed April 2014}
}

@article
{
  Fortuna,
  author  = {Emily Fortuna and Sigmund Cherem},
  title   = {{Dart: HTML of the Future, Today!}},
  year    = {2013},
  journal = {Google I/O 2013},
  note    = {\url{http://youtu.be/euCNWhs7ivQ} Accessed December 2013}
}

@article
{
  Schneider,
  author  = {Dr. Florian Schneider},
  title   = {{Compiling Dart to Efficient Machine Code}},
  year    = {2013},
  journal = {Lecture at ETH},
  note    = {\url{https://www.dartlang.org/slides/2013/04/compiling-dart-to-efficient-machine-code.pdf} Accessed December 2013}
}

@article
{
  Turner,
  author  = {Jonathan Turner},
  title   = {{TypeScript and the Road to 1.0}},
  year    = {2013},
  journal = {TypeScript Blog},
  note    = {\url{http://blogs.msdn.com/b/typescript/archive/2013/10/17/typescript-and-the-road-to-1-0.aspx} Accessed October 2013}
}

@article
{
  Olmstead,
  author  = {Dom Olmstead},
  title   = {{Optimizing WebGL Applications}},
  year    = {2014},
  journal = {Google Developers},
  note    = {\url{http://youtu.be/QVvHtWePQdA} Accessed February 2014}
}

@article
{
  Lin,
  author  = {Eric Lin},
  title   = {{2014 global mobile application processor market forecast}},
  year    = {2014},
  journal = {DIGITIMES Research},
  note    = {\url{http://www.digitimes.com/news/a20140129RS400.html} Accessed February 2014}
}

@article
{
  Thomas,
  author  = {Nick Thomas},
  title   = {{The Rise of Mobile Gaming, and Fighting Back Against The Mute Switch}},
  year    = {2013},
  journal = {Casual Connect USA},
  note    = {\url{http://youtu.be/3ptqdzf6tLA} Accessed March 2014}
}


@article
{
  Trice,
  author  = {Andrew Trice},
  title   = {{Low Latency \& Polyphonic Audio in PhoneGap}},
  year    = {2013},
  journal = {Trice Designs},
  note    = {\url{http://www.tricedesigns.com/2012/01/25/low-latency-polyphonic-audio-in-phonegap/} Accessed February 2014}
}

@article
{
  Xie,
  author  = {Raymond Xie},
  title   = {{LowLatencyAudio Plugin}},
  year    = {2013},
  journal = {GitHub},
  note    = {\url{https://github.com/floatinghotpot/cordova-plugin-lowlatencyaudio} Accessed February 2014}
}

@article
{
  Bull,
  author  = {Anthony Bull},
  title   = {{Snappy Performance Apps with Ember.js}},
  year    = {2013},
  journal = {The SF HTML5 User Group},
  note    = {\url{https://github.com/floatinghotpot/cordova-plugin-lowlatencyaudio} Accessed February 2014}
}

@article
{
	Cook,
	author	= {Daniel Cook},
	title	= {{Building Tight Game Systems of Cause and Effect}},
	year	= {2012},
	journal	= {LOSTGARDEN},
	note	= {\url{http://www.lostgarden.com/2012/07/building-tight-game-systems-of-cause.html} Accessed October 2013}
}
@article
{
	XuBradburn,
	author	= {Shuang Xu and Keith Bradburn},
	title	= {{Usability Issues in Introducing Capacitive Interaction into Mobile Navigation}},
	year	= {2011},
	journal	= {Human Interface and the Management of Information, Part IV: Mobile and Ubiquitous Information, p430-439},
}


@article
{
	ErmiMayra,
	author	= {Laura Ermi and Frans M\"{a}yr\"{a}},
	title	= {{Player-Centred Game Design: Experiences in Using Scenario Study to Inform Mobile Game Design}},
	year	= {2005},
	journal	= {The International Journal of Computer Game Research, Volume 5, Issue 1, October 2005},
	note	= {\url{http://www.gamestudies.org/0501/ermi_mayra/} Accessed October 2013}
}
@article
{
	UML,
	author	= {Zhu Quan-yin and Jin Yinaand and Xu Chengjiea and Gen Ruia},
	title	= {{A UML Model for Mobile Game on the Android OS}},
	year	= {2011},
	journal	= {International Conference on Advances in Engineering},
	note	= {\url{http://www.gamestudies.org/0501/ermi_mayra/} Accessed October 2013}
}

@article
{
	Koster,
	author	= {Ralph Koster},
	title	= {{A Theory of Fun for Game Design}},
	year	= {2004},
	journal	= {AGC 2003},
	note	= {\url{http://www.theoryoffun.com/resources.shtml} Accessed November 2013}
}

@article
{
  Skinner,
  author  = {Burrhus Frederic Skinner},
  title   = {{Superstition in the Pigeon}},
  year    = {1948},
  journal = {Journal of Experimental Psychology, Volume 38, 168-172} ,
}

@article
{
  ExtraCredits,
  author  = {James Portnow and Daniel Floyd and Allison Theus},
  title   = {{The Skinner Box}},
  year    = {2013},
  journal = {Extra Credits},
  note    = {\url{http://youtu.be/tWtvrPTbQ_c} Accessed November 2013}
}

@article
{
  Eich,
  author  = {Brendan Eich},
  title   = {{JavaScript Taking Both the High and Low Roads}},
  year    = {2014},
  journal = {O'Reilly Fluent 2014},
  note    = {\url{http://youtu.be/aZqhRICne_M} Accessed May 2014}
}

@article
{
  WHATWG,
  author  = {WHATWG},
  title   = {{Is this HTML5?}},
  year    = {2014},
  journal = {HTML Living Standard},
  note    = {\url{http://www.whatwg.org/specs/web-apps/current-work/multipage/introduction.html#is-this-html5?} Accessed April 2014}
}

@article
{
  W3C2,
  author  = {W3C},
  title   = {{Abstract}},
  year    = {2014},
  journal = {HTML5},
  note    = {\url{http://www.w3.org/TR/html5/} Accessed April 2014}
}

@article
{
  Keith,
  author  = {Jeremy Keith},
  title   = {{Design Principles}},
  year    = {2010},
  journal = {HTML5 For Web Designers},
  pages   = {9-10}
}

@article
{
  Champeon,
  author  = {Steve Champeon},
  title   = {{JavaScript: How Did We Get Here?}},
  year    = {2001},
  journal = {O'REILLY WEB DEVCENTER},
  note    = {\url{http://www.oreillynet.com/pub/a/javascript/2001/04/06/js_history.html} Accessed May 2014}
}

@article
{
  W3C3,
  author  = {W3C},
  title   = {{Document Object Model (DOM)}},
  year    = {2005},
  journal = {Architecture domain},
  note    = {\url{http://www.w3.org/DOM/} Accessed May 2014}
}

@article
{
  Juul,
  author  = {Jesper Juul},
  title   = {{Swap Adjacent Gems to Make Sets of Three: A History of Matching Tile Games}},
  year    = {2007},
  journal = {Artifact journal},
  volume = {2},
  note    = {\url{http://www.jesperjuul.net/text/swapadjacent/} Accessed May 2014}
}

@article
{
  Croft,
  author  = {Sam Croft},
  title   = {{Responsive button feedback in PhoneGap apps: a better alternative to -webkit-tap-highlight-color}},
  year    = {2012},
  note    = {\url{http://samcroft.co.uk/2012/alternative-to-webkit-tap-highlight-color-in-phonegap-apps/} Accessed May 2014}
}

@article
{
  Julian,
  author  = {Jonathan Julian},
  title   = {{"JavaScript: The Good Parts" Summary}},
  year    = {2009},
  note    = {\url{http://www.slideshare.net/jonathanjulian/javascript-the-good-parts-summary} Accessed May 2014}
}

@article
{
  Verry,
  author  = {Tim Verry},
  title   = {{Khronos Group Announces WebGL 1.0.2 Specification and Extensions, Formal Release Expected in April}},
  year    = {2013},
  journal = {PC Perspective},
  note    = {\url{http://www.pcper.com/news/General-Tech/Khronos-Group-Announces-WebGL-102-Specification-and-Extensions-Formal-Release-Expe} Accessed May 2014}
}

@article
{
  Neilson,
  author  = {Travis Neilson},
  title   = {CSS Basics (Part1) - What is CSS?},
  year    = {2013},
  journal = {DevTips},
  note    = {\url{http://youtu.be/s7ONvIgOWdM} Accessed May 2014}
}

@article
{
  Smith,
  author  = {Nathan Smith},
  title   = {HTML5 Can't Do That},
  year    = {2013},
  journal = {Speaker Deck},
  note    = {\url{https://speakerdeck.com/nathansmith/html5-cant-do-that} Accessed May 2014}
}
@article
{
  Twitter,
  author  = {Twitter},
  title   = {Bower},
  year    = {2014},
  note    = {\url{http://bower.io/} Accessed May 2014}
}