@book{ESR,
title = {The New Hacker's Dictionary - 3rd Edition},
author = {Eric S. Raymond},
year = {1996},
OPTisbn = {978-0-262-68092-9},
OPTpages = {432},
OPTurl = {http://books.google.com/books?id=g80P_4v4QbIC&pg=PA432}
}
